@book{Samplem.2012,
 author 		= {Samplem, John},
 year 			= {2012},
 title 			= {sample book},
 subtitle 		= {write sample books},
 address 		= {Any city},
 publisher 		= {Any Publisher}
}

@article{Bru10,
 author = {Brust, E.},
 year = {2010},
 title = {Betriebsfestigkeit fertig montierter Fahrräder},
 pages = {148--151},
 volume = {52},
 number = {3},
 journal = {Materials Testing}
}

@article{FS07,
 author = "Füglein, E. and Scheller,C.",
 year = {2007},
 title = {Folgenschwere Fahrradunfälle durch unzureichende Prüfung?},
 pages = {12--15},
 volume = {49},
 number = {11},
 journal = {Materials Testing}
}

@article{HHS11,
 author = "H{\"o}lsel, C. and Hoechtl,F. and Senner,V.",
 year = {2011},
 title = {Operational loads on sport bicycles for possible misuse},
 pages = {75--80},	
 volume = {13},
 doi = {10.1016/j.proeng.2011.05.054},
 journal = {Procedia Engineering,}
}

@article{Wol20,
 author = "Wolfgang Strecker",
 year = {2012},
 title = {Einsatz am Limit, Prüfung sicherheitsrelevanter Bauteile an Fahrrädern},
 number = {11-12},
 journal = {Konstruktion}
}


@misc{Jac17,
 title 			= {Mehr Sicherheit bei Pedelecs},
 year 			= {2017},
 url 			= {https://2017.lbf-jahresbericht.de/leistungen/projektuebersicht/zuverlaessigkeit/mehr-sicherheit-bei-pedelecs/},
 urldate 		= {2023-04-27},
 label			= {Jac}
}

@article{BS10,
 author = "Bl{\"u}mel, M. and Senner,V.",
 year = {2010},
 title = {Aktuelle Betriebslastenermittlung an Sportfahrr{\"a}dern},
 pages = {142--147},	
 volume = {52},
 number = {3},
 doi = {10.3139/120.110118},
 journal = {Materials Testing}
}

@article{CAD16,
 author = "Covill, D. and Allard, P. adn Drouet, J.-M. and Emerson, N.",
 year = {2016},
 title = {An Assessment of Bicycle Frame Behaviour under Various Load Conditions Using Numerical Simulations},
 pages = {665--670},	
 volume = {147},
 doi = {10.1016/j.proeng.2016.06.269},
 journal = {Procedia Engineering}
}

@article{BMR20,
 author = "Bruni, S. and Meijaard, J. P. and Rill, G. and Schwab, A. L.",
 year = {2020},
 title = {State-of-the-art and challenges of railway and road vehicle dynamics with multibody dynamics approaches},
 pages = {1--32},	
 volume = {49},
 number = {1},
 doi = {10.1007/s11044-020-09735-z},
 journal = {Multibody system dynamics}
}

@article{MPR07,
 author = "Meijaard, J. and Papadopoulos, J. M. and Ruina, A. and Schwab, A.",
 year = {2007},
 title = {Linearized dynamics equations for the balance and steer of a bicycle: a benchmark and review},
 pages = {1955--1982},	
 volume = {463},
 number = {2084},
 doi = {10.1098/rspa.2007.1857},
 journal = {Proceedings of The Royal Society A}
}

@article{SM13,
 author = "Schwab, A. L. and Meijaard, J. P.",
 year = {2013},
 title = {A review on bicycle dynamics and rider control},
 pages = {1059--1090},	
 volume = {51},
 number = {7},
 doi = {10.1080/00423114.2013.793365},
 journal = {Vehicle System Dynamics}
}

@article{DTC13,
 author = "Doria, A. and Tognazzo, M. and Cusimano, G. and Bulsink, V. and Cooke, A. and Koopman, B.",
 year = {2013},
 title = {Identification of the mechanical properties of bicycle tyres for modelling of bicycle dynamics},
 pages = {405--420},	
 volume = {51},
 number = {3},
 doi = {10.1080/00423114.2012.754048},
 journal = {Vehicle System Dynamics}
}

@article{KSM08,
 author = "Kooijman, J. D. G. and Schwab, A. L. and Meijaard, J. P.",
 year = {2008},
 title = {Experimental validation of a model of an uncontrolled bicycle},
 pages = {115--132},	
 volume = {19},
 number = {1-2},
 doi = {10.1007/s11044-007-9050-x.},
 journal = {Multibody system dynamics}
}

@article{Red05,
 author = "Redfield, R.",
 year = {2005},
 title = {Large motion mountain biking dynamics},
 pages = {845–-865},	
 volume = {43},
 number = {12},
 doi = {10.1080/00423110412331289844},
 journal = {Vehicle System Dynamics}
}

@article{MX14,
 author = "Mei, Y. H. and Xie, Q. S.",
 year = {2014},
 title = {Fatigue Loads Prediction Based on a Hybrid Road Approach},
 pages = {3363–-3366},	
 number = {989-994},
 doi = {10.4028/www.scientific.net/AMR.989-994.3363},
 journal = {Advanced Materials Research}
}

@article{RTV19,
 author = "Risaliti, E. and Tamarozzi, T. and Vermaut, M. and Cornelis, B.; Desmet, W.",
 year = {2019},
 title = {Multibody model based estimation of multiple loads and strain field on a vehicle suspension system},
 pages = {1--25},	
 volume = {123},
 doi = {10.1016/j.ymssp.2018.12.024},
 journal = {Mechanical Systems and Signal Processing}
}

@article{BBJ21,
 author = "Blanchette, C. and Boisvert, M. and Joubert, N. and Rancourt, D. and Desrochers, A.",
 year = {2021},
 title = {Dynamic input loads evaluation of a recreational vehicle frame using multibody dynamics hybrid modeling validated with experimental and full analytical modeling data},
 volume = {13}, 
 number = {8},
 doi = {10.1177/16878140211034608},
 journal = {Advances in Mechanical Engineering}
}

@article{JBB20,
 author = "Joubert, N. and Boisvert, M. and Blanchette, C. and St-Amant, Y. and Desrochers, A. and Rancourt, D.",
 year = {2020},
 title = {Frame loads accuracy assessment of semianalytical multibody dynamic simulation methods of a recreational vehicle},
 pages = {189–-209},	
 volume = {50},
 number = {2},
 doi = {10.1007/s11044-020-09756-8},
 journal = {Multibody system dynamics}
}

@book{Mustermann.2012,
 author 		= {Mustermann, Max},
 year 			= {2012},
 title 			= {Musterbuch},
 subtitle 		= {Musterm{\"a}{\ss}ig B{\"u}cher schreiben},
 address 		= {Musterstadt},
 publisher 		= {Musterverlag}
}

@article{Musterfrau.2011,
 author = {Musterfrau, Eva},
 year = {2011},
 title = {Musterartikel},
 pages = {1--12},
 volume = {999},
 number = {11},
 journal = {Musterjournal}
}

@misc{Muster.2012,
 title 			= {Muster f{\"u}r alles},
 year 			= {2010},
 url 			= {http://www.igm.rwth-aachen.de},
 urldate 		= {2019-04-19},
 label			= {IGM}
}